<record><leader>00000cas a2200000 a 4500</leader><controlfield tag="001">11216171</controlfield><controlfield tag="008">841001d19121965ksuwr ne      0   a0eng d</controlfield><controlfield tag="009">3789</controlfield><datafield ind1=" " ind2=" " tag="010"><subfield code="a">sn 84029330 </subfield></datafield><datafield ind1=" " ind2=" " tag="040"><subfield code="a">KSH</subfield><subfield code="b">eng</subfield><subfield code="c">KSH</subfield><subfield code="d">NPT</subfield><subfield code="d">OCL</subfield></datafield><datafield ind1=" " ind2=" " tag="042"><subfield code="a">msc</subfield></datafield><datafield ind1="0" ind2="4" tag="245"><subfield code="a">The Moline advance.</subfield></datafield><datafield ind1=" " ind2=" " tag="260"><subfield code="a">Moline, Kan. :</subfield><subfield code="b">Sutton &amp; Sherwin,</subfield><subfield code="c">1912-1965.</subfield></datafield><datafield ind1=" " ind2=" " tag="300"><subfield code="a">55 v. :</subfield><subfield code="b">ill. ;</subfield><subfield code="c">43-56 cm.</subfield></datafield><datafield ind1=" " ind2=" " tag="310"><subfield code="a">Weekly</subfield></datafield><datafield ind1="0" ind2=" " tag="362"><subfield code="a">Vol. 1, no. 1 (Nov. 14, 1912)-v. 55, no. 42 (June 17, 1965).</subfield></datafield><datafield ind1=" " ind2=" " tag="500"><subfield code="a">Publisher varies.</subfield></datafield><datafield ind1=" " ind2=" " tag="752"><subfield code="a">United States</subfield><subfield code="b">Kansas</subfield><subfield code="c">Elk</subfield><subfield code="d">Moline.</subfield></datafield><datafield ind1="0" ind2="4" tag="780"><subfield code="t">Moline review</subfield><subfield code="w">(DLC)sn 84029303</subfield></datafield><datafield ind1="0" ind2="4" tag="780"><subfield code="t">Moline gazette</subfield><subfield code="w">(DLC)sn 84029302</subfield></datafield><datafield ind1="0" ind2="0" tag="785"><subfield code="t">Elk County reporter</subfield><subfield code="w">(DLC)sn 84030158</subfield></datafield></record>